@misc{tryfs,
      website= {Try F#: Learn},
      author = "Microsoft",
      title = "Try F#: Learn",
      month = "Junho",
      year = "2016",
      url = "http://www.tryfsharp.org/"
}

@misc{yanakellen,
        title = {F# (FSharp)},
        date = {2014},
        organization = {Youtube},
        author = {Yana Kellen},
        url = {https://www.youtube.com/watch?v=SqGrJAnhjNw}
    }
    
@misc{fsharp,
    website = {FSharp Software Foundation},
    author = {FSSF},
    title = "FSharp FS",
    month = "Junho",
    year = "2016",
    url = "http://www.fsharp.org"
    }